<record><leader>00000cas a22000007a 4500</leader><controlfield tag="001">11161488</controlfield><controlfield tag="008">840917d18731876iauwr ne      0    0eng d</controlfield><controlfield tag="009">3768</controlfield><datafield ind1=" " ind2=" " tag="010"><subfield code="a">sn 84038071 </subfield></datafield><datafield ind1=" " ind2=" " tag="040"><subfield code="a">NPX</subfield><subfield code="b">eng</subfield><subfield code="c">NPX</subfield><subfield code="d">INP</subfield></datafield><datafield ind1="1" ind2=" " tag="029"><subfield code="a">AU@</subfield><subfield code="b">000025818225</subfield></datafield><datafield ind1=" " ind2=" " tag="042"><subfield code="a">msc</subfield></datafield><datafield ind1="0" ind2="4" tag="245"><subfield code="a">The Center Point lotus.</subfield></datafield><datafield ind1="0" ind2="3" tag="246"><subfield code="a">Weekly lotus</subfield><subfield code="f">&lt;May 13, 1876&gt;</subfield></datafield><datafield ind1="0" ind2="3" tag="246"><subfield code="a">Lotus</subfield></datafield><datafield ind1=" " ind2=" " tag="260"><subfield code="a">Center Point, Iowa :</subfield><subfield code="b">J.F. Wilson &amp; Co.,</subfield><subfield code="c">1873-</subfield></datafield><datafield ind1=" " ind2=" " tag="300"><subfield code="a">v. :</subfield><subfield code="b">ill. (chiefly advertisements)</subfield></datafield><datafield ind1=" " ind2=" " tag="310"><subfield code="a">Weekly</subfield></datafield><datafield ind1="0" ind2=" " tag="362"><subfield code="a">Vol. 1, no. 1 (May 15, 1873)-</subfield></datafield><datafield ind1="1" ind2=" " tag="362"><subfield code="a">Ceased with Nov. 18, 1876 issue?</subfield><subfield code="z">Cf. Bibl. of Iowa newspapers.</subfield></datafield><datafield ind1=" " ind2=" " tag="500"><subfield code="a">"Independent in all things, neutral in nothing".</subfield></datafield><datafield ind1=" " ind2=" " tag="500"><subfield code="a">Publishers: J.F. Wilson &amp; Co., May 15, 1873-&lt;May 28, 1874&gt;; Henry A. Cook, &lt;May 13, 1876&gt;.</subfield></datafield><datafield ind1=" " ind2=" " tag="500"><subfield code="a">Editors: T.J. Metcalf, May 15, 1873-&lt;May 28, 1874&gt;; Henry A. Cook, &lt;May 13, 1876&gt;.</subfield></datafield><datafield ind1=" " ind2=" " tag="752"><subfield code="a">United States</subfield><subfield code="b">Iowa</subfield><subfield code="c">Linn</subfield><subfield code="d">Center Point.</subfield></datafield></record>